@ARTICLE{7031358, 
author={J. {Kim} and S. {Lee}}, 
journal={IEEE Signal Processing Letters}, 
title={Extracting Major Lines by Recruiting Zero-Threshold Canny Edge Links along Sobel Highlights}, 
year={2015}, 
volume={22}, 
number={10}, 
pages={1689-1692}, 
keywords={edge detection;image representation;image segmentation;Sobel highlights;zero-threshold Canny edge links;2D image;Sobel edge orientations;line detector;intermittent discontinuity indicator;Intel i7-2600 CPU;4G RAM under Window 7;Image edge detection;Indexes;Recruitment;Noise measurement;Context;Hysteresis;Detectors;Curved line;line segment detection;major line;sobel highlight;straight line;zero-threshold canny edge}, 
doi={10.1109/LSP.2015.2400211}, 
ISSN={1070-9908}, 
month={Oct},}

@article{cpf,
author = {Abu Bakr, Muhammad and Lee, Sukhan},
year = {2018},
month = {05},
pages = {1610},
title = {A Framework of Covariance Projection on Constraint Manifold for Data Fusion},
volume = {18},
journal = {Sensors},
doi = {10.3390/s18051610}
}

@inproceedings{Husen:2016:HPI:2857546.2857589,
 author = {Husen, Mohd Nizam and Lee, Sukhan},
 title = {High Performance Indoor Location Wi-Fi Fingerprinting Using Invariant Received Signal Strength},
 booktitle = {Proceedings of the 10th International Conference on Ubiquitous Information Management and Communication},
 series = {IMCOM '16},
 year = {2016},
 isbn = {978-1-4503-4142-4},
 location = {Danang, Viet Nam},
 pages = {42:1--42:6},
 articleno = {42},
 numpages = {6},
 url = {http://doi.acm.org/10.1145/2857546.2857589},
 doi = {10.1145/2857546.2857589},
 acmid = {2857589},
 publisher = {ACM},
 address = {New York, NY, USA},
 keywords = {Human-Robot Interaction, IEEE 802.11 technology, Indoor Localization, Indoor Positioning System, RSSI Fingerprinting, Wi-Fi Fingerprinting, Wi-Fi received signal strength},
} 

@inproceedings{7750717, 
author={S. {Lee} and L. {Wei} and A. M. {Naguib}}, 
booktitle={2016 IEEE International Symposium on Assembly and Manufacturing (ISAM)}, 
title={Adaptive Bayesian recognition and pose estimation of 3D industrial objects with optimal feature selection}, 
year={2016}, 
volume={}, 
number={}, 
pages={50-55}, 
keywords={automobile industry;Bayes methods;electronics industry;feature extraction;feature selection;image matching;image registration;object recognition;octrees;pose estimation;production engineering computing;adaptive Bayesian recognition;3D industrial objects;optimal feature selection;visual recognition;geometric shape variation;adaptive Bayesian framework;model-based point cloud matching;t-test;evidence structure;coarse-fine pose estimation process;3D feature based coarse registration;octree-ICP based model matching;automotive industrial objects;electronic industrial objects;Three-dimensional displays;Shape;Pose estimation;Solid modeling;Bayes methods;Databases;Octrees;3D Object Recognition;Pose Estimation;Industrial Objects;Bayesian Network}, 
doi={10.1109/ISAM.2016.7750717}, 
ISSN={}, 
month={Aug},
}

@INPROCEEDINGS{8593985, 
author={S. {Lee} and A. M. {Naguib} and N. U. {Islam}}, 
booktitle={2018 IEEE/RSJ International Conference on Intelligent Robots and Systems (IROS)}, 
title={3D Deep Object Recognition and Semantic Understanding for Visually-Guided Robotic Service}, 
year={2018}, 
volume={}, 
number={}, 
pages={903-910}, 
keywords={Bayes methods;convolutional neural nets;feature extraction;image reconstruction;learning (artificial intelligence);neurocontrollers;object recognition;ontologies (artificial intelligence);robot vision;service robots;semantic understanding;visually-guided robotic service;visually-guided robotic errand service;visual environments;deep learning architecture;FER-CNN;layer-wise independent feedback connections;reconstructed features;object categories;3D daily-life objects;recognition rate;ontology;feature extraction;3D deep object recognition;adaptive Bayesian recognition framework;Three-dimensional displays;Bayes methods;Robots;Object recognition;Deep learning;Feature extraction;Two dimensional displays}, 
doi={10.1109/IROS.2018.8593985}, 
ISSN={2153-0866}, 
month={Oct},}